<?xml version="1.0" encoding="UTF-8"?>
<alto xmlns:xsi="http://www.w3.org/2001/XMLSchema-instance"
      xmlns="http://www.loc.gov/standards/alto/ns-v4#"
      xsi:schemaLocation="http://www.loc.gov/standards/alto/ns-v4# http://www.loc.gov/standards/alto/v4/alto-4-2.xsd">
  <Description>
    <MeasurementUnit>pixel</MeasurementUnit>
    <sourceImageInformation>
      <fileName>5_560db_default.jpg</fileName>
      <fileIdentifier>https://gallica.bnf.fr/iiif/ark:/12148/bpt6k62251805/f6/full/full/0/default.jpg</fileIdentifier>
    </sourceImageInformation>
  </Description>
  
  <Tags>
    <OtherTag ID="BT4294" LABEL="GraphicZone:ornamentation" DESCRIPTION="block type GraphicZone:ornamentation"/><OtherTag ID="BT4293" LABEL="GraphicZone:illustration" DESCRIPTION="block type GraphicZone:illustration"/><OtherTag ID="BT4292" LABEL="NumberingZone" DESCRIPTION="block type NumberingZone"/><OtherTag ID="BT4291" LABEL="CustomZone:entryEnd" DESCRIPTION="block type CustomZone:entryEnd"/><OtherTag ID="BT4290" LABEL="CustomZone:entry" DESCRIPTION="block type CustomZone:entry"/><OtherTag ID="BT4289" LABEL="MainZone" DESCRIPTION="block type MainZone"/>
    
  </Tags>
  
  <Layout>
    <Page WIDTH="2125"
          HEIGHT="3447"
          PHYSICAL_IMG_NR="1"
          ID="eSc_dummypage_">
      <PrintSpace HPOS="0"
                  VPOS="0"
                  WIDTH="2125"
                  HEIGHT="3447">
        

        
        <TextBlock ID="eSc_dummyblock_">
          
          
          <TextLine ID="eSc_line_9f2ee1eb"
                    
                    BASELINE="828 835 1627 835" 
                    HPOS="828"
                    VPOS="772"
                    WIDTH="799"
                    HEIGHT="84">
            <Shape><Polygon POINTS="1604 772 854 772 833 807 828 835 828 856 1627 850 1627 835 1618 792 1604 772"/></Shape>
	    <String CONTENT="OBSERVATIONS."
                    HPOS="828"
                    VPOS="772"
                    WIDTH="799"
                    HEIGHT="84"></String>
          </TextLine>

          
          
          <TextLine ID="eSc_line_117d7546"
                    
                    BASELINE="612 930 1900 939" 
                    HPOS="609"
                    VPOS="858"
                    WIDTH="1291"
                    HEIGHT="98">
            <Shape><Polygon POINTS="1733 867 1716 864 1618 881 1601 884 1532 884 1529 878 1515 867 1515 864 1512 864 1509 864 1506 864 1368 878 1354 878 1348 878 1293 861 1291 861 1288 861 1285 861 1233 876 1224 878 1210 876 1115 861 1112 861 1109 861 1078 876 1072 878 1069 876 1046 858 1043 858 1040 858 951 858 948 858 946 858 943 858 923 873 920 876 900 873 793 858 785 861 779 861 764 873 762 876 623 873 612 884 612 930 609 942 1894 956 1900 939 1897 884 1754 884 1751 881 1736 867 1733 867"/></Shape>
	    <String CONTENT="Les tableaux à l’huile, ainsi que les pastels, sont"
                    HPOS="609"
                    VPOS="858"
                    WIDTH="1291"
                    HEIGHT="98"></String>
          </TextLine>

          
          
          <TextLine ID="eSc_line_b6874181"
                    
                    BASELINE="552 1019 1682 1019" 
                    HPOS="552"
                    VPOS="947"
                    WIDTH="1130"
                    HEIGHT="95">
            <Shape><Polygon POINTS="552 1019 552 1042 1682 1042 1682 1019 1682 965 1633 947 1630 947 1627 947 1624 947 1578 968 1293 968 1233 947 1230 947 1227 947 1224 947 1155 965 1063 947 1061 947 914 965 865 947 862 947 859 947 856 947 785 965 692 947 690 947 687 947 635 965 600 947 598 947 595 947 592 947 552 965 552 1019"/></Shape>
	    <String CONTENT="placés dans la première salle, en entrants."
                    HPOS="552"
                    VPOS="947"
                    WIDTH="1130"
                    HEIGHT="95"></String>
          </TextLine>

          
          
          <TextLine ID="eSc_line_d6075b66"
                    
                    BASELINE="612 1097 1955 1091" 
                    HPOS="609"
                    VPOS="1022"
                    WIDTH="1346"
                    HEIGHT="109">
            <Shape><Polygon POINTS="1935 1039 1676 1039 1641 1022 1618 1022 1567 1039 1564 1039 1429 1022 1414 1022 1394 1022 1354 1039 1351 1039 1250 1022 1247 1022 1135 1039 1109 1042 1078 1039 974 1028 971 1028 969 1028 966 1028 951 1039 925 1022 923 1022 920 1022 917 1022 914 1022 882 1036 871 1025 871 1022 868 1022 865 1022 862 1022 859 1022 810 1036 733 1022 730 1022 727 1022 690 1039 684 1042 678 1039 658 1022 655 1022 652 1022 649 1022 646 1022 609 1036 612 1097 615 1131 667 1117 1265 1120 1877 1126 1880 1126 1955 1108 1955 1091 1949 1059 1935 1039"/></Shape>
	    <String CONTENT="Les miniatures, aquarelles, dessins à la plume,"
                    HPOS="609"
                    VPOS="1022"
                    WIDTH="1346"
                    HEIGHT="109"></String>
          </TextLine>

          
          
          <TextLine ID="eSc_line_9c4d6d13"
                    
                    BASELINE="546 1177 1897 1183" 
                    HPOS="543"
                    VPOS="1111"
                    WIDTH="1354"
                    HEIGHT="98">
            <Shape><Polygon POINTS="1877 1126 1854 1114 1851 1114 1848 1114 1771 1128 1676 1114 1673 1114 1547 1128 1535 1128 1509 1128 1262 1114 1259 1114 1256 1114 1253 1114 1236 1126 1233 1128 1230 1126 1210 1111 1207 1111 1204 1111 1201 1111 1127 1126 1124 1126 1121 1126 1107 1111 1104 1111 1101 1111 1098 1111 1095 1111 1052 1126 1046 1126 1029 1126 894 1111 891 1111 888 1111 851 1123 842 1126 546 1123 546 1177 543 1189 667 1206 669 1206 1204 1194 1268 1209 1270 1209 1273 1209 1894 1194 1897 1183 1894 1174 1877 1126"/></Shape>
	    <String CONTENT="au crayon, etc., sont principalement placés sur les"
                    HPOS="543"
                    VPOS="1111"
                    WIDTH="1354"
                    HEIGHT="98"></String>
          </TextLine>

          
          
          <TextLine ID="eSc_line_e1fb5d16"
                    
                    BASELINE="546 1261 1641 1261" 
                    HPOS="546"
                    VPOS="1194"
                    WIDTH="1095"
                    HEIGHT="98">
            <Shape><Polygon POINTS="546 1261 546 1292 1641 1281 1641 1261 1641 1209 1593 1194 1590 1194 1587 1194 1121 1209 914 1194 911 1194 908 1194 905 1194 885 1209 785 1194 782 1194 779 1194 776 1194 750 1212 546 1212 546 1261"/></Shape>
	    <String CONTENT="panneaux du fond de cette première salle."
                    HPOS="546"
                    VPOS="1194"
                    WIDTH="1095"
                    HEIGHT="98"></String>
          </TextLine>

          
          
          <TextLine ID="eSc_line_384f9e46"
                    
                    BASELINE="598 1393 1894 1401" 
                    HPOS="595"
                    VPOS="1301"
                    WIDTH="1299"
                    HEIGHT="161">
            <Shape><Polygon POINTS="1892 1367 1886 1329 1820 1304 1817 1304 1814 1304 1811 1304 1782 1318 1771 1306 1771 1304 1768 1304 1765 1304 1595 1304 1593 1304 1590 1304 1524 1332 1521 1332 1515 1332 1360 1301 1357 1301 1224 1321 1147 1301 1144 1301 1141 1301 1138 1301 1084 1321 1032 1301 1029 1301 1026 1301 1023 1301 960 1324 598 1324 598 1393 595 1416 678 1427 681 1427 684 1427 716 1419 736 1413 750 1419 808 1444 810 1444 813 1444 816 1444 897 1421 934 1436 937 1436 940 1436 943 1436 969 1421 983 1416 1058 1416 1066 1421 1109 1459 1112 1459 1115 1459 1118 1462 1440 1462 1440 1459 1443 1459 1446 1459 1480 1427 1486 1421 1547 1421 1561 1427 1575 1439 1578 1439 1581 1439 1584 1439 1633 1430 1685 1419 1889 1430 1894 1401 1894 1381 1892 1367"/></Shape>
	    <String CONTENT="Nota. Le (C). placé à l suie de l désignation indique le"
                    HPOS="595"
                    VPOS="1301"
                    WIDTH="1299"
                    HEIGHT="161"></String>
          </TextLine>

          
          
          <TextLine ID="eSc_line_00ccfe4d"
                    
                    BASELINE="552 1447 787 1453" 
                    HPOS="549"
                    VPOS="1404"
                    WIDTH="238"
                    HEIGHT="101">
            <Shape><Polygon POINTS="779 1450 759 1407 552 1404 552 1447 549 1485 782 1505 787 1453 785 1450 779 1450"/></Shape>
	    <String CONTENT="mot copie."
                    HPOS="549"
                    VPOS="1404"
                    WIDTH="238"
                    HEIGHT="101"></String>
          </TextLine>

          
          
          <TextLine ID="eSc_line_99cafa16"
                    
                    BASELINE="1109 1910 1339 1915" 
                    HPOS="1107"
                    VPOS="1847"
                    WIDTH="232"
                    HEIGHT="80">
            <Shape><Polygon POINTS="1311 1861 1282 1861 1253 1861 1224 1861 1196 1861 1167 1861 1138 1861 1115 1884 1109 1910 1107 1927 1337 1927 1339 1915 1339 1861 1311 1847 1311 1861"/></Shape>
	    <String CONTENT="AVIS."
                    HPOS="1107"
                    VPOS="1847"
                    WIDTH="232"
                    HEIGHT="80"></String>
          </TextLine>

          
          
          <TextLine ID="eSc_line_ae5ca86b"
                    
                    BASELINE="603 2007 1892 1999" 
                    HPOS="600"
                    VPOS="1941"
                    WIDTH="1292"
                    HEIGHT="84">
            <Shape><Polygon POINTS="1866 1961 1837 1961 1808 1961 1779 1961 1751 1959 1722 1959 1693 1959 1664 1959 1636 1956 1607 1956 1578 1956 1549 1956 1521 1953 1492 1953 1463 1953 1449 1953 1434 1953 1429 1953 1095 1941 1089 1953 1061 1953 1032 1953 1020 1953 1020 1956 1020 1959 831 1959 802 1959 773 1959 744 1959 716 1961 687 1961 658 1961 629 1961 600 1961 603 2007 603 2025 1889 2022 1892 1999 1886 1956 1866 1961"/></Shape>
	    <String CONTENT="Les personnes qui désireraient être de la Société lorraine"
                    HPOS="600"
                    VPOS="1941"
                    WIDTH="1292"
                    HEIGHT="84"></String>
          </TextLine>

          
          
          <TextLine ID="eSc_line_c2f72b9d"
                    
                    BASELINE="549 2079 1894 2068" 
                    HPOS="546"
                    VPOS="2005"
                    WIDTH="1348"
                    HEIGHT="89">
            <Shape><Polygon POINTS="546 2036 549 2079 549 2094 1892 2082 1894 2068 1892 2025 1848 2005 1846 2005 1843 2005 1840 2005 1800 2022 1696 2005 1693 2005 1690 2005 1621 2022 1575 2005 1572 2005 1570 2005 1567 2005 1564 2005 1532 2025 1219 2007 1216 2007 1213 2007 1210 2007 1210 2010 1207 2010 1199 2022 1115 2010 1112 2010 1109 2010 1107 2010 1107 2013 1089 2027 877 2013 874 2013 871 2013 831 2030 730 2013 727 2013 632 2030 577 2013 575 2013 572 2013 569 2013 566 2013 557 2019 546 2036"/></Shape>
	    <String CONTENT="des amis des arts, et conséquemment concourir à l’acquisi¬"
                    HPOS="546"
                    VPOS="2005"
                    WIDTH="1348"
                    HEIGHT="89"></String>
          </TextLine>

          
          
          <TextLine ID="eSc_line_b14cd900"
                    
                    BASELINE="552 2151 1894 2140" 
                    HPOS="549"
                    VPOS="2076"
                    WIDTH="1345"
                    HEIGHT="86">
            <Shape><Polygon POINTS="552 2151 552 2162 1894 2151 1894 2140 1889 2085 1219 2076 1216 2076 1213 2076 1155 2094 1153 2094 1144 2094 1006 2079 1003 2079 851 2096 848 2096 583 2085 580 2085 577 2085 549 2096 552 2151"/></Shape>
	    <String CONTENT="tion de tableaux et autres objets d’arts faisant partie de"
                    HPOS="549"
                    VPOS="2076"
                    WIDTH="1345"
                    HEIGHT="86"></String>
          </TextLine>

          
          
          <TextLine ID="eSc_line_0619a8c8"
                    
                    BASELINE="549 2220 1892 2206" 
                    HPOS="546"
                    VPOS="2160"
                    WIDTH="1346"
                    HEIGHT="97">
            <Shape><Polygon POINTS="549 2220 549 2257 1478 2234 1503 2237 1618 2249 1621 2249 1696 2231 1702 2231 1705 2231 1779 2246 1782 2246 1892 2226 1892 2206 1883 2160 546 2171 549 2220"/></Shape>
	    <String CONTENT="l’exposition, peuvent s’inscrire sur le registre déposé à l’en¬"
                    HPOS="546"
                    VPOS="2160"
                    WIDTH="1346"
                    HEIGHT="97"></String>
          </TextLine>

          
          
          <TextLine ID="eSc_line_62e10278"
                    
                    BASELINE="552 2292 1173 2286" 
                    HPOS="549"
                    VPOS="2226"
                    WIDTH="624"
                    HEIGHT="74">
            <Shape><Polygon POINTS="552 2292 552 2300 1173 2298 1173 2286 1167 2240 902 2226 900 2226 897 2226 851 2240 609 2229 606 2229 603 2229 549 2243 552 2292"/></Shape>
	    <String CONTENT="trée des salles d’exposition."
                    HPOS="549"
                    VPOS="2226"
                    WIDTH="624"
                    HEIGHT="74"></String>
          </TextLine>

          
          
          <TextLine ID="eSc_line_a2c4cae0"
                    
                    BASELINE="612 2361 1328 2355" 
                    HPOS="609"
                    VPOS="2306"
                    WIDTH="719"
                    HEIGHT="81">
            <Shape><Polygon POINTS="612 2361 612 2378 1322 2387 1328 2355 1322 2309 609 2306 612 2361"/></Shape>
	    <String CONTENT="Chaque action est de 10 francs."
                    HPOS="609"
                    VPOS="2306"
                    WIDTH="719"
                    HEIGHT="81"></String>
          </TextLine>

          
          
          <TextLine ID="eSc_line_a13a741d"
                    
                    BASELINE="560 2464 1897 2450" 
                    HPOS="557"
                    VPOS="2387"
                    WIDTH="1340"
                    HEIGHT="117">
            <Shape><Polygon POINTS="1880 2398 1851 2398 1823 2398 1794 2398 1785 2395 1782 2398 1751 2395 1736 2395 1708 2395 1679 2395 1650 2392 1621 2392 1601 2392 1590 2398 1584 2401 1558 2398 1460 2389 1449 2389 1420 2387 1403 2398 1397 2404 1049 2407 971 2398 920 2392 917 2392 885 2398 819 2410 557 2398 560 2464 560 2487 684 2504 687 2504 1026 2487 1086 2501 1089 2501 1092 2501 1897 2473 1897 2450 1894 2447 1880 2398"/></Shape>
	    <String CONTENT="Les objets acquis seront ensuite tirés au sort entre tous les"
                    HPOS="557"
                    VPOS="2387"
                    WIDTH="1340"
                    HEIGHT="117"></String>
          </TextLine>

          
          
          <TextLine ID="eSc_line_ff6f6b17"
                    
                    BASELINE="1081 2530 1374 2524" 
                    HPOS="1081"
                    VPOS="2470"
                    WIDTH="293"
                    HEIGHT="161">
            <Shape><Polygon POINTS="1081 2510 1081 2530 1081 2570 1176 2576 1230 2602 1299 2631 1302 2631 1305 2631 1374 2628 1374 2524 1365 2470 1095 2481 1081 2510"/></Shape>
	    <String CONTENT="actionnaires."
                    HPOS="1081"
                    VPOS="2470"
                    WIDTH="293"
                    HEIGHT="161"></String>
          </TextLine>

          
        </TextBlock>
        
      </PrintSpace>
    </Page>
  </Layout>
</alto>
